@article{wager2017estimation,
  title={Estimation and inference of heterogeneous treatment effects using random forests},
  author={Wager, Stefan and Athey, Susan},
  journal={Journal of the American Statistical Association},
  number={just-accepted},
  year={2017},
  publisher={Taylor \& Francis}
}

@inproceedings{bareinboim2015bandits,
  title={Bandits with unobserved confounders: A causal approach},
  author={Bareinboim, Elias and Forney, Andrew and Pearl, Judea},
  booktitle={Advances in Neural Information Processing Systems},
  pages={1342--1350},
  year={2015}
}

@article{athey2016recursive,
  title={Recursive partitioning for heterogeneous causal effects},
  author={Athey, Susan and Imbens, Guido},
  journal={Proceedings of the National Academy of Sciences},
  volume={113},
  number={27},
  pages={7353--7360},
  year={2016},
  publisher={National Acad Sciences}
}

@inproceedings{zhang2017transfer,
  title={Transfer learning in multi-armed bandit: a causal approach},
  author={Zhang, Junzhe and Bareinboim, Elias},
  booktitle={Proceedings of the 16th Conference on Autonomous Agents and MultiAgent Systems},
  pages={1778--1780},
  year={2017},
  organization={International Foundation for Autonomous Agents and Multiagent Systems}
}



@InProceedings{forney2017counterfactual,
  title = 	 {Counterfactual Data-Fusion for Online Reinforcement Learners},
  author = 	 {Andrew Forney and Judea Pearl and Elias Bareinboim},
  booktitle = 	 {Proceedings of the 34th International Conference on Machine Learning},
  pages = 	 {1156--1164},
  year = 	 {2017},
  volume = 	 {70},
  series = 	 {Proceedings of Machine Learning Research}
}

@inproceedings{shalit2017estimating,
Title = {Estimating individual treatment effect: generalization bounds and algorithms},
Author = {Uri Shalit and Fredrik D. Johansson and David Sontag},
booktitle = 	 {Proceedings of the 34th International Conference on Machine Learning},
Year = {2017}
}

@inproceedings{lattimore2016causal,
title = {Causal Bandits: Learning Good Interventions via Causal Inference},
 author = {Lattimore, Finnian and Lattimore, Tor and Reid, Mark D.},
 booktitle = {Proceedings of the 30th International Conference on Neural Information Processing Systems},
 series = {NIPS'16},
 year = {2016}
} 

@inproceedings{johansson2016learning,
  title={Learning representations for counterfactual inference},
  author={Johansson, Fredrik and Shalit, Uri and Sontag, David},
  booktitle={International Conference on Machine Learning},
  pages={3020--3029},
  year={2016}
}

@article{dudik2011efficient,
  title={Efficient optimal learning for contextual bandits},
  author={Dudik, Miroslav and Hsu, Daniel and Kale, Satyen and Karampatziakis, Nikos and Langford, John and Reyzin, Lev and Zhang, Tong},
  journal={arXiv preprint arXiv:1106.2369},
  year={2011}
}
@article{athey2016generalized,
  title={Generalized Random Forests},
  author={Athey, Susan and Tibshirani, Julie and Wager, Stefan},
  journal={arXiv preprint arXiv:1610.01271},
  year={2016}
},

@article{dudik2014doubly,
  title={Doubly robust policy evaluation and optimization},
  author={Dud{\'\i}k, Miroslav and Erhan, Dumitru and Langford, John and Li, Lihong},
  journal={Statistical Science},
  pages={485--511},
  year={2014},
  publisher={JSTOR}
}
@article{green2012modeling,
  title={Modeling heterogeneous treatment effects in survey experiments with Bayesian additive regression trees},
  author={Green, Donald P and Kern, Holger L},
  journal={Public opinion quarterly},
  volume={76},
  number={3},
  pages={491--511},
  year={2012},
  publisher={Oxford University Press UK}
}

@article{hill2011bayesian,
  title={Bayesian nonparametric modeling for causal inference},
  author={Hill, Jennifer L},
  journal={Journal of Computational and Graphical Statistics},
  volume={20},
  number={1},
  pages={217--240},
  year={2011},
  publisher={Taylor \& Francis}
}

@inproceedings{louizos2017causal,
  title={Causal effect inference with deep latent-variable models},
  author={Louizos, Christos and Shalit, Uri and Mooij, Joris M and Sontag, David and Zemel, Richard and Welling, Max},
  booktitle={Advances in Neural Information Processing Systems},
  pages={6449--6459},
  year={2017}
}

@article{chipman2010bart,
  title={BART: Bayesian additive regression trees},
  author={Chipman, Hugh A and George, Edward I and McCulloch, Robert E and others},
  journal={The Annals of Applied Statistics},
  volume={4},
  number={1},
  pages={266--298},
  year={2010},
  publisher={Institute of Mathematical Statistics}
}

@article{imai2013estimating,
  title={Estimating treatment effect heterogeneity in randomized program evaluation},
  author={Imai, Kosuke and Ratkovic, Marc and others},
  journal={The Annals of Applied Statistics},
  volume={7},
  number={1},
  pages={443--470},
  year={2013},
  publisher={Institute of Mathematical Statistics}
}

@article{van2000asymptotic,
  title={Asymptotic statistics (Cambridge series in statistical and probabilistic mathematics)},
  author={Van der Vaart, Aad W},
  year={2000},
  publisher={Cambridge University Press}
}

@article{kennedy2018sharp,
  title={Sharp instruments for classifying compliers and generalizing causal effects},
  author={Kennedy, Edward H and Balakrishnan, Sivaraman and G'Sell, Max},
  journal={arXiv preprint arXiv:1801.03635},
  year={2018}
}